
@misc{techtarget,
    author    = "Margaret Rouse",
    title     = "IM bot definition",
    year = {2013}, 
    url       = "http://searchdomino.techtarget.com/definition/IM-bot"
}

@incollection{turing,
 author = {Turing, A. M.},
 chapter = {Computing Machinery and Intelligence},
 title = {Computers \& Thought},
 editor = {Feigenbaum, Edward A. and Feldman, Julian},
 year = {1995},
 isbn = {0-262-56092-5},
 pages = {11--35},
 numpages = {25},
 url = {http://dl.acm.org/citation.cfm?id=216408.216410},
 acmid = {216410},
 publisher = {MIT Press},
 address = {Cambridge, MA, USA},
} 

@incollection{wordembeddings,
title = {Distributed Representations of Words and Phrases and their Compositionality},
author = {Mikolov, Tomas and Sutskever, Ilya and Chen, Kai and Corrado, Greg S and Dean, Jeff},
booktitle = {Advances in Neural Information Processing Systems 26},
editor = {C. J. C. Burges and L. Bottou and M. Welling and Z. Ghahramani and K. Q. Weinberger},
pages = {3111--3119},
year = {2013},
publisher = {Curran Associates, Inc.},
url = {http://papers.nips.cc/paper/5021-distributed-representations-of-words-and-phrases-and-their-compositionality.pdf}
}

@article{RS-stateofart,
 author = {Adomavicius, Gediminas and Tuzhilin, Alexander},
 title = {Toward the Next Generation of Recommender Systems: A Survey of the State-of-the-Art and Possible Extensions},
 journal = {IEEE Trans. on Knowl. and Data Eng.},
 issue_date = {June 2005},
 volume = {17},
 number = {6},
 month = jun,
 year = {2005},
 issn = {1041-4347},
 pages = {734--749},
 numpages = {16},
 url = {https://doi.org/10.1109/TKDE.2005.99},
 doi = {10.1109/TKDE.2005.99},
 acmid = {1070751},
 publisher = {IEEE Educational Activities Department},
 address = {Piscataway, NJ, USA},
 keywords = {Index Terms- Recommender systems, Recommender systems, collaborative filtering, rating estimation methods, extensions to recommender systems., collaborative filtering, extensions to recommender systems., rating estimation methods},
} 

@book{galton,
  title={Personality: Determinants, Dynamics, and Potentials},
  author={Caprara, G.V. and Cervone, D.},
  isbn={9780521587488},
  lccn={99462246},
  url={https://books.google.it/books?id=Qf6-BsHA5SoC},
  year={2000},
  publisher={Cambridge University Press}
}

@article{lexicalapproach,
  author       = {John, Oliver P. and Angleitner, Alois and Ostendorf, Fritz},
  journal      = {European Journal of Personality},
  number       = {3},
  pages        = {171--203},
  title        = {{The lexical approach to personality: A historical review of trait taxonomic research}},
  doi          = {10.1002/per.2410020302},
  volume       = {2},
  year         = {1988},
}

@electronic{Nielsen,
    author = {Nielsen, Jakob},
    citeulike-article-id = {13546848},
    citeulike-linkout-0 = {http://www.nngroup.com/articles/ten-usability-heuristics/},
    day = {1},
    month = jan,
    pages = {1+},
    posted-at = {2015-09-09 14:19:33},
    priority = {0},
    title = {{10 Usability Heuristics for User Interface Design}},
    url = {http://www.nngroup.com/articles/ten-usability-heuristics/},
    year = {1995}
}

@article{eliza,
author = {Joseph Weizenbaum},
journal = {Commun. ACM},
month = {January},
number = {1},
pages = {36-45},
title = {ELIZA---a computer program for the study of natural language communication between man and machine},
volume = {9},
year = {1966},
doi = {http://dx.doi.org/10.1145/365153.365168},
}

@book{cleverbot,
author = {Rollo Carpenter's Cleverbot},
year = {2018},
url = {http://www.cleverbot.com/},
}

@book{jacob,
author = {Aron, Jacob},
publisher = {New Scientist},
title = {Software tricks people into thinking it is human},
year = {2011},
}

@inproceedings{ravenclaw,
  added-at = {2011-03-16T00:00:00.000+0100},
  author = {Bohus, Dan and Rudnicky, Alexander I.},
  biburl = {https://www.bibsonomy.org/bibtex/218cf948830ddeb9758d3dc54fb472246/dblp},
  booktitle = {INTERSPEECH},
  ee = {http://www.isca-speech.org/archive/eurospeech_2003/e03_0597.html},
  interhash = {83d8b04665cdd659e458bed4195908ee},
  intrahash = {18cf948830ddeb9758d3dc54fb472246},
  keywords = {dblp},
  publisher = {ISCA},
  timestamp = {2011-04-29T15:48:12.000+0200},
  title = {Ravenclaw: dialog management using hierarchical task decomposition and an expectation agenda.},
  url = {http://dblp.uni-trier.de/db/conf/interspeech/interspeech2003.html\#BohusR03},
  year = 2003
}



@Article{hybrid_rs,
author="Burke, Robin",
title="Hybrid Recommender Systems: Survey and Experiments",
journal="User Modeling and User-Adapted Interaction",
year="2002",
month="Nov",
day="01",
volume="12",
number="4",
pages="331--370",
issn="1573-1391",
doi="10.1023/A:1021240730564",
url="https://doi.org/10.1023/A:1021240730564"
}


@article{{RS-ML1,
  title={Negative Binomial Matrix Factorization for Recommender Systems},
  author={Olivier Gouvert and Thomas Oberlin and C{\'e}dric F{\'e}votte},
  journal={CoRR},
  year={2018},
  volume={abs/1801.01708}
}


@article{RS-ML2,
author = {Wu, Hao and Zhang, Zhengxin and Yue, Kun and Zhang, Binbin and He, Jun and Sun, Liangchen},
year = {2018},
month = {04},
pages = {46-58},
title = {Dual-Regularized Matrix Factorization with Deep Neural Networks for Recommender Systems},
volume = {145},
booktitle = {Knowledge-Based Systems}
}

@book{chen,
author = {Guohai Chen},
publisher = {Researches on Higher Education},
title = {The peer help centre in Canadian colleges and its inspiration},
year = {1998},
}

@article{moore,
author = {James C. McElroy Kelly Moore},
pages = {267-274},
title = {The influence of personality on facebook usage, wall postings, and regret. Computers in Human Behavior},
volume = {28},
year = {2012},
}

@incollection{gerald,
address = {Cambridge, U.K.},
author = {Corr, Philip J. and Matthews, Gerald},
note = {ISBN 978},
pages = {521-86218},
publisher = {Cambridge University Press. -0--9},
title = {The Cambridge handbook of personality psychology},
year = {2009},
}

@book{NEOPI-R,
address = {Odessa, FL},
author = {Costa, P. T. and McCrae, R. R.},
publisher = {Psychological Assessment Resources},
title = {Revised NEO Personality Inventory (NEO Pl-R) and NEO Five-Factor Inventory (NEO-FFI) Professional Manual},
year = {1992},
}

@unpublished{clevertap,
author = {Anjali Jain},
year = {2016},
url = {https://clevertap.com/blog/10-reasons-why-users-uninstall-your-mobile-app/},
}

@book{survey,
author = {Neris Analytics limited},
title = {Music Preferences by Personality Type},
year = {2017},
url = {https://www.16personalities.com/articles/music-preferences-by-personality-type},
}

@book{16personalities,
author = {Neris Analytics limited},
title = {Our Theory},
year = {2017},
url = {https://www.16personalities.com/articles/our-theory},
}

@book{perstypes,
author = {Neris Analytics limited},
title = {Personality Types},
year = {2017},
url = {https://www.16personalities.com/personality-types},
}

@book{lastfmdbpedia,
author = {Di Noia and Tomeo, Ostuni},
title = {Mapping artists of Last.fm to DBpedia},
url = {https://github.com/sisinflab/LODrecsys-datasets/tree/master/LastFM},
}

@book{applymagicsauce,
author = {The Psychometrics Centre},
url = {https://applymagicsauce.com/},
}

@book{graphapi,
author = {Facebook Developers},
title = {Graph API documentation},
url = {https://developers.facebook.com/docs/graph-api},
}

@article{Singhal,
author = {Singhal et al.},
number = {7},
pages = {17-22},
title = {Use of Deep Learning in Modern Recommendation System: A Summary of Recent Works},
volume = {180},
year = {2017},
doi = {10.5120/ijca2017916055},
}

@book{MBfoundation,
author = {The Myers-Briggs Foundation},
title = {The 16 personality types},
url = {http://www.myersbriggs.org/my-mbti-personality-type/mbti-basics/the-16-mbti-types.htm?bhcp=1},
}

@book{fitz,
author = {Fitz, T.},
title = {What webhooks are and why you should care},
url = {http://timothyfitz.com/2009/02/09/what-webhooks-are-and-why-you-should-care/},
}

@book{Intuitivemusician,
author = {Scott James's},
publisher = {iNtutive Musician},
url = {http://intuitivemusician.com/},
}

@article{big5-mbti,
author = {McCrae, R. and Costa, P.},
journal = {Journal of Personality},
title = {Reinterpreting the Myers-Briggs Type Indicator from the perspective of the five-factor model of personality},
volume = {57},
year = {1989},
}
